<?xml version="1.0" encoding="UTF-8"?><record xmlns="http://www.loc.gov/MARC21/slim" xmlns:cinclude="http://apache.org/cocoon/include/1.0" xmlns:zs="http://www.loc.gov/zing/srw/">
  <leader>00616nz  a2200133n  4500</leader>
  <controlfield tag="001">no2009113617</controlfield>
  <controlfield tag="003">DLC</controlfield>
  <controlfield tag="005">20090725075420.0</controlfield>
  <controlfield tag="008">090723n| acannaabn          |n aaa     c</controlfield>
  <datafield tag="010" ind1=" " ind2=" ">
    <subfield code="a">no2009113617</subfield>
  </datafield>
  <datafield tag="035" ind1=" " ind2=" ">
    <subfield code="a">(OCoLC)oca08181616</subfield>
  </datafield>
  <datafield tag="040" ind1=" " ind2=" ">
    <subfield code="a">NjP</subfield>
    <subfield code="b">eng</subfield>
    <subfield code="c">NjP</subfield>
  </datafield>
  <datafield tag="100" ind1="1" ind2=" ">
    <subfield code="a">Dutta, Sumanash,</subfield>
    <subfield code="d">1960-</subfield>
  </datafield>
  <datafield tag="670" ind1=" " ind2=" ">
    <subfield code="a">Household fertility behaviour and children's schooling amongst tribals, 2008:</subfield>
    <subfield code="b">t.p. (Sumanash Dutta) p. facing t.p. (b. 1960; M.A. in economics from North Bengai University; Ph. D. from University of Roorkee; taught economic in Tripura University, Tripura; presently a member of faculty of Assam University, Silchar)</subfield>
  </datafield>
</record>